@misc{ravanelli2019speaker,
      title={Speaker Recognition from Raw Waveform with SincNet}, 
      author={Mirco Ravanelli and Yoshua Bengio},
      year={2019},
      eprint={1808.00158},
      archivePrefix={arXiv},
      primaryClass={eess.AS}
}

@inproceedings{41939,
title	= {Deep Neural Networks for Small Footprint Text-dependent Speaker Verification},
author	= {Ehsan Variani and Xin Lei and Erik McDermott and Ignacio Lopez Moreno and Javier Gonzalez-Dominguez},
year	= {2014},
booktitle	= {Proc. ICASSP}
}

@misc{abriefintroductiontosincnet,
title={A brief Introduction to SincNet},
author={Mirco Ravanelli},
year={2018},
url={https://www.youtube.com/watch?v=mXQBObRGUgk&t=3s}
}


