@misc{ravanelli2019speaker,
      title={Speaker Recognition from Raw Waveform with SincNet}, 
      author={Mirco Ravanelli and Yoshua Bengio},
      year={2019},
      eprint={1808.00158},
      archivePrefix={arXiv},
      primaryClass={eess.AS}
}

@inproceedings{41939,
title	= {Deep Neural Networks for Small Footprint Text-dependent Speaker Verification},
author	= {Ehsan Variani and Xin Lei and Erik McDermott and Ignacio Lopez Moreno and Javier Gonzalez-Dominguez},
year	= {2014},
booktitle	= {Proc. ICASSP}
}

@article{torfi2017text,
  title={Text-independent speaker verification using 3d convolutional neural networks},
  author={Torfi, Amirsina and Nasrabadi, Nasser M and Dawson, Jeremy},
  journal={arXiv preprint arXiv:1705.09422},
  year={2017}
}


