@misc{ravanelli2019speaker,
      title={Speaker Recognition from Raw Waveform with SincNet}, 
      author={Mirco Ravanelli and Yoshua Bengio},
      year={2019},
      eprint={1808.00158},
      archivePrefix={arXiv},
      primaryClass={eess.AS}
}

@inproceedings{41939,
title	= {Deep Neural Networks for Small Footprint Text-dependent Speaker Verification},
author	= {Ehsan Variani and Xin Lei and Erik McDermott and Ignacio Lopez Moreno and Javier Gonzalez-Dominguez},
year	= {2014},
booktitle	= {Proc. ICASSP}
}

@misc{originalsourcecode,
title={Github Repository: SincNet original code written in PyTorch by the autor},
author={Mirco Ravanelli and Yoshua Bengio},
year={2019},
url={https://github.com/mravanelli/SincNet}
}

@misc{kerassourcecode,
title={Github Repository: Keras (tensorflow) implementation of SincNet (Mirco Ravanelli, Yoshua Bengio},
author={Francesco Grauso, Evans Kiplagat},
year={2018},
url={https://github.com/grausof/keras-sincnet}
}

@misc{coria2020comparison,
      title={A Comparison of Metric Learning Loss Functions for End-To-End Speaker Verification}, 
      author={Juan M. Coria and Hervé Bredin and Sahar Ghannay and Sophie Rosset},
      year={2020},
      eprint={2003.14021},
      archivePrefix={arXiv},
      primaryClass={cs.LG}
}

@misc{companionrepository,
title={Github Repository: Companion repository for the paper "A Comparison of Metric Learning Loss Functions for End-to-End Speaker Verification" published at SLSP 2020},
author={Juan M. Coria and Hervé Bredin and Sahar Ghannay and Sophie Rosset},
year={2020},
url={https://github.com/juanmc2005/SpeakerEmbeddingLossComparison}
}

@misc{wavencoder,
title={Github Repository: WavEncoder - a Python library for encoding raw audio with PyTorch backend.},
url={https://github.com/shangeth/wavencoder}
}

@misc{schneider2019wav2vec,
      title={wav2vec: Unsupervised Pre-training for Speech Recognition}, 
      author={Steffen Schneider and Alexei Baevski and Ronan Collobert and Michael Auli},
      year={2019},
      eprint={1904.05862},
      archivePrefix={arXiv},
      primaryClass={cs.CL}
}

@misc{schneider2019wav2vec2,
title={Wav2vec 2.0: Learning the structure of speech from raw audio},
url={https://ai.facebook.com/blog/wav2vec-20-learning-the-structure-of-speech-from-raw-audio/}
}

@misc{pascual2019learning,
      title={Learning Problem-agnostic Speech Representations from Multiple Self-supervised Tasks}, 
      author={Santiago Pascual and Mirco Ravanelli and Joan Serrà and Antonio Bonafonte and Yoshua Bengio},
      year={2019},
      eprint={1904.03416},
      archivePrefix={arXiv},
      primaryClass={cs.LG}
}

@misc{jung2020improved,
      title={Improved RawNet with Feature Map Scaling for Text-independent Speaker Verification using Raw Waveforms}, 
      author={Jee-weon Jung and Seung-bin Kim and Hye-jin Shim and Ju-ho Kim and Ha-Jin Yu},
      year={2020},
      eprint={2004.00526},
      archivePrefix={arXiv},
      primaryClass={eess.AS}
}

@article{Liu_2020,
   title={Mockingjay: Unsupervised Speech Representation Learning with Deep Bidirectional Transformer Encoders},
   ISBN={9781509066315},
   url={http://dx.doi.org/10.1109/ICASSP40776.2020.9054458},
   DOI={10.1109/icassp40776.2020.9054458},
   journal={ICASSP 2020 - 2020 IEEE International Conference on Acoustics, Speech and Signal Processing (ICASSP)},
   publisher={IEEE},
   author={Liu, Andy T. and Yang, Shu-wen and Chi, Po-Han and Hsu, Po-chun and Lee, Hung-yi},
   year={2020},
   month={May}
}


