@misc{ravanelli2019speaker,
      title={Speaker Recognition from Raw Waveform with SincNet}, 
      author={Mirco Ravanelli and Yoshua Bengio},
      year={2019},
      eprint={1808.00158},
      archivePrefix={arXiv},
      primaryClass={eess.AS}
}

@misc{sztahó2019deep,
      title={Deep learning methods in speaker recognition: a review}, 
      author={Dávid Sztahó and György Szaszák and András Beke},
      year={2019},
      eprint={1911.06615},
      archivePrefix={arXiv},
      primaryClass={eess.AS}
}

@misc{abriefintroductiontosincnet,
title={A brief Introduction to SincNet},
author={Mirco Ravanelli},
year={2018},
url={https://www.youtube.com/watch?v=mXQBObRGUgk&t=3s}
}


